@article{exploringThinkAloud,
  title={Exploring think-alouds in usability testing: An international survey},
  author={McDonald, Sharon and Edwards, Helen M and Zhao, Tingting},
  journal={IEEE Transactions on Professional Communication},
  volume={55},
  number={1},
  pages={2--19},
  year={2012},
  publisher={IEEE}
}

@article{eyeTracking,
Abstract = {Introduces technical communicators to the mechanics of eye tracking and to usability-related research in the areas of reading and scanning, and searching. â€¢ Concludes with suggested areas for future eye-tracking research [ABSTRACT FROM AUTHOR]},
Author = {Cooke, Lynne},
ISSN = {00493155},
Journal = {Technical Communication},
Keywords = {Communication of technical information, Computer systems, Reading, Communications research, Scanning systems, Eye movements, Mechanics (Physics), Comparative method},
Number = {4},
Pages = {456 - 463},
Title = {Eye Tracking: How It Works and How It Relates to Usability.},
Volume = {52},
Year = {2005},
}